@book{mobilefirst, 
author = {Luke Wroblewski},
title = {Mobile First},
edition = {1st},
pages = {123},
publisher = {A Book Apart},
address = {New York, NY, USA},
year = {2011},
isbn = {9781937557027},
url = {http://www.abookapart.com/products/mobile-first},
}

@inproceedings{ultrabooks, 
author = {Luke Wroblewski},
title = {Device Motion},
booktitle = {Re-imagining Apps for Ultrabook},
publisher = {Intel Software},
year = {2013}
}

@inproceedings{responsive,
author = {Ethan Marcotte},
title = {Responsive Web Design},
booktitle = {A List Apart Magazine: Issue 306},
publisher = {A List Apart},
issn = {1534-0295},
year = {May 25, 2010},
address = {New York, NY, USA},
url = {http://www.alistapart.com/articles/responsive-web-design}
}

@conference{adaptiveinput,
author = {Jason Grigsby},
title = {Adaptive Input},
booktitle = {Breaking Development},
address = {San Diego, CA, USA},
year = {July 22-24, 2013}
}

@conference{adaptivesxsw,
author = {Brad Frost},
title = {Beyond Squishy: The Principles of Adaptive Design},
booktitle = {SXSW},
address = {Austin, TX, USA},
year = {March 9, 2013}
}

@conference{ui17,
author = {Aaron Gustafson},
title = {Building Adaptive Designs Now},
booktitle = {User Interface 17 Conference},
address = {Boston, MA, USA},
year = {November 5-7, 2012}
}

@conference{20mb,
author = {Mat Marquis},
title = {20MB Responsive Websites},
booktitle = {Breaking Development},
address = {Orlando, FL, USA},
year = {April 8-10, 2013}
}

@conference{designingfortouch,
author = {Josh Clark},
title = {Designing for Touch},
booktitle = {An Event Apart},
address = {Seattle, WA, USA},
year = {April 1-3, 2013}
}

@conference{performancebrowsernetworking,
author = {Ilya Grigorik},
title = {Optimizing the Critical Rendering Path},
booktitle = {Breaking Development},
address = {San Diego, CA, USA},
year = {July 22-24, 2013}
}

@conference{pagespeed,
author = {Peter McLachlan},
title = {Page Speed is Only the Beginning},
booktitle = {Breaking Development},
address = {San Diego, CA, USA},
year = {July 22-24, 2013}
}

@conference{webcomponents,
author = {Eric Bidelman},
title = {Web Components: A Tectonic Shift for Web Development},
booktitle = {Google IO},
address = {San Francisco, CA, USA},
year = {2013},
}

@article{SpeechRecognition,
author = {Basson, Sara and Fairweather, Peter G. and Hanson, Vicki L.},
title = {Speech Recognition and Alternative Interfaces for Older Users},
journal = {interactions},
issue_date = {July + August 2007},
volume = {14},
number = {4},
month = jul,
year = {2007},
issn = {1072-5520},
pages = {26--29},
numpages = {4},
url = {http://doi.acm.org/10.1145/1273961.1273980},
doi = {10.1145/1273961.1273980},
acmid = {1273980},
publisher = {ACM},
address = {New York, NY, USA},
} 

@inproceedings{AccelerationAndGyroscope,
author = {Kratz, Sven and Rohs, Michael and Essl, Georg},
title = {Combining Acceleration and Gyroscope Data for Motion Gesture Recognition Using Classifiers with Dimensionality Constraints},
booktitle = {Proceedings of the 2013 International Conference on Intelligent User Interfaces},
series = {IUI '13},
year = {2013},
isbn = {978-1-4503-1965-2},
location = {Santa Monica, California, USA},
pages = {173--178},
numpages = {6},
url = {http://doi.acm.org/10.1145/2449396.2449419},
doi = {10.1145/2449396.2449419},
acmid = {2449419},
publisher = {ACM},
address = {New York, NY, USA},
keywords = {accelerometer, gesture recognition, gyroscope, mobile, motion gestures, sensor fusion},
}  